@article{owidlifeexpectancy,
    author = {Max Roser, Esteban Ortiz-Ospina and Hannah Ritchie},
    title = {Life Expectancy},
    journal = {Our World in Data},
    year = {2013},
    url = {https://ourworldindata.org/life-expectancy}
}

@misc{Serwatka2020,
    author = {Thomas S. Serwatka},
    title = {Dataset for Sexual Orientation and Gender-Identity (SOGI) Laws That Support and/or Limit International Development (2018)},
    journal = {University of Florida, Research Datasets},
    year = {2020},
    url = {https://digitalcommons.unf.edu/datasets/1/}
}