@Manual{R-base,
  title = {R: A Language and Environment for Statistical Computing},
  author = {{R Core Team}},
  organization = {R Foundation for Statistical Computing},
  address = {Vienna, Austria},
  year = {2016},
  url = {https://www.R-project.org/},
}

@InProceedings{PangLee05a,
  author =       {Bo Pang and Lillian Lee},
  title =        {Seeing stars: Exploiting class relationships for sentiment
                  categorization with respect to rating scales},
  booktitle =    {Proceedings of the ACL},
  year =         2005
}

@inproceedings{LREC18-AIL, 
  author = {Mohammad, Saif M.}, 
  title = {Word Affect Intensities}, 
  booktitle = {Proceedings of the 11th Edition of the Language Resources and Evaluation Conference (LREC-2018)},
  year = {2018}, 
  address={Miyazaki, Japan} 
}

@article{lewis2004rcv1,
  title={Rcv1: A new benchmark collection for text categorization research},
  author={Lewis, David D and Yang, Yiming and Russell-Rose, Tony and Li, Fan},
  journal={Journal of machine learning research},
  volume={5},
  number={Apr},
  pages={361--397},
  year={2004},
  publisher={Goldsmiths, University of London}
}